<collection xmlns="http://www.loc.gov/MARC21/slim">
<record>
  <leader>00976nam0a22001931i 450 </leader>
  <controlfield tag="001">IT\ICCU\CNCE\070927</controlfield>
  <controlfield tag="005">20070606000000.0</controlfield>
  <datafield tag="100" ind1=" " ind2=" ">
    <subfield code="a">20070606d1591        0itac0103    ba</subfield>
  </datafield>
  <datafield tag="101" ind1=" " ind2=" ">
    <subfield code="a">ITA</subfield>
  </datafield>
  <datafield tag="102" ind1=" " ind2=" ">
    <subfield code="a">IT</subfield>
  </datafield>
  <datafield tag="200" ind1="1" ind2=" ">
    <subfield code="a">℗La ℗miracolosa liberatione della prigionia del duca di Guysa dal Castello della citt ̉di Tors, il giorno dell&apos;Assontione della Madonna. Ove s&apos;intende come dalla mano di Dio  ̈stato liberato da tanti travagli. Con tutte le cose successe fin&apos;al presente giorno</subfield>
  </datafield>
  <datafield tag="210" ind1=" " ind2=" ">
    <subfield code="a">In Roma</subfield>
    <subfield code="d">&amp; ristampata in Trento</subfield>
    <subfield code="d">1591</subfield>
  </datafield>
  <datafield tag="215" ind1=" " ind2=" ">
    <subfield code="a">\16! p.</subfield>
    <subfield code="d">8ʻ</subfield>
  </datafield>
  <datafield tag="300" ind1=" " ind2=" ">
    <subfield code="a">Stampata da Giovanni Battista Gelmini, cfr. ESTER, Editori e stampatori di Trento e Rovereto, n. 10708</subfield>
  </datafield>
  <datafield tag="620" ind1=" " ind2=" ">
    <subfield code="a">IT</subfield>
    <subfield code="d">Trento</subfield>
  </datafield>
  <datafield tag="712" ind1="0" ind2="0">
    <subfield code="a">Gelmini, Giovanni Battista</subfield>
    <subfield code="3">IT\ICCU\CNCT\001146</subfield>
    <subfield code="4">650</subfield>
  </datafield>
  <datafield tag="791" ind1="0" ind2="0">
    <subfield code="a">Gelminis, Ioannes Baptista de</subfield>
    <subfield code="3">IT\ICCU\CNCT\004850</subfield>
    <subfield code="z">Gelmini, Giovanni Battista</subfield>
  </datafield>
  <datafield tag="791" ind1="0" ind2="0">
    <subfield code="a">Gelminus, Ioannes Baptista</subfield>
    <subfield code="3">IT\ICCU\CNCT\004852</subfield>
    <subfield code="z">Gelmini, Giovanni Battista</subfield>
  </datafield>
  <datafield tag="801" ind1=" " ind2="3">
    <subfield code="a">IT</subfield>
    <subfield code="b">ICCU</subfield>
    <subfield code="c">20201115</subfield>
  </datafield>
</record>
</collection>
